<?xml version="1.0" encoding="UTF-8"?><collection xmlns="http://www.loc.gov/MARC21/slim"><record><leader>00477nam--2200145-i-4500</leader><controlfield tag="001">000038161</controlfield><controlfield tag="002">20161230</controlfield><controlfield tag="005">20161230201041</controlfield><controlfield tag="008">060222s1000------------r-----000-0-eng-d</controlfield><datafield ind1=" " ind2=" " tag="080"><subfield code="a">621.039.7</subfield></datafield><datafield ind1=" " ind2=" " tag="100"><subfield code="a">Pradel, J. And Parsons, P.J. And Malasek, E</subfield></datafield><datafield ind1=" " ind2=" " tag="245"><subfield code="a">The volume reduction of low-activity solid wastes. report of a panel prepared by... (france) in collaboration with..</subfield></datafield><datafield ind1=" " ind2=" " tag="260"><subfield code="a">Vienna, Iaea, 1970, 44p</subfield></datafield><datafield ind1=" " ind2=" " tag="490"><subfield code="a">Technical Reports Series No.106</subfield></datafield><datafield ind1=" " ind2=" " tag="852"><subfield code="a">1875</subfield></datafield></record></collection>